@phdthesis{barthou_thesis,
author={Denis Barthou},
title={Array Dataflow Analysis in Presence of Non-Affine Constraints},
school={University of Versailles Saint-Quentin en Yvelines},
year={1998},
}

@article{fada_journal,
author={Denis Barthou and Jean-Fran\c{c}ois Collard and Paul Feautrier},
title={Fuzzy Array Dataflow Analysis},
journal={Journal of Parallel and Distributed Computing},
volume={40},
number={2},
year={1997},
}

@article{fada_pugh,
author={William Pugh and David Wonnacott},
title={Nonlinear Array Dependence Analysis},
journal={Languages, Compilers and Run-Time Systems for Scalable Computers},
year={1995},
}

@article{ada_feautrier,
author={Paul Feautrier},
title={Dataflow Analysis of Array and Scalar References},
journal={Parallel Processing Letters},
year={1991},
}

@article{region_analysis,
author={B\'etrice Creusillet, Fran\c{c}ois Irigoin},
title={Exact vs. Approximate Array Region Analyses},
journal={Languages and Compilers for Parallel Computing},
year={1996},
}

@article{fuzzy_logic,
author={Lotfi A. Zadeh},
title={Fuzzy Sets},
journal={Information and Control},
volume={8Â },
year={1965},
}

@article{genetic_algorithms,
author={Marco Tomassini},
title={A Aurvey of Genetic Algorithms},
journal={Reviews of Computational Physics},
year={1995},
}

@article{cloog_lcpc,
author={Cedric Bastoul and Albert Cohen and Sylvain Girbal and Saurabh Sharma and Olivier Temam},
title={Putting Polyhedral Loop Transformations to Work},
journal={International Workshop on Languages and Compilers for Parallel Computers (LCPC)},
year={2003},
}

@article{deep_jam_journal,
author={Patrick Carribault and St\'ephane Zuckerman and Albert Cohen and William Jalby},
title={Deep Jam: Conversion of Coarse-Grain Parallelism to Fine-Grain and Vector},
journal={Journal of Instruction-Level Parallelism},
volume={9},
year={2008},
}

@MISC{piplib_website,
   author = {C\'edric Bastoul},
   title = {PIP/PipLib - A Parametric Integer Linear Programming Solver},
   note = {http://www.piplib.org},
   }

@MISC{fadalib_website,
   author = {Marouane Belaoucha and Denis Barthou and Sid Touati},
   title = {Fuzzy Array Dataflow Analysis Library},
   note = {http://www.prism.uvsq.fr/~bem/fadalib/home.html}
   }

@TechReport{d2.3.2,
author = {Marouane Belaoucha and Denis Barthou and Sid Touati},
title = {Deliverable  D2.3.2: Fuzzy Data Dependence Analysis},
institution = {ParMa Poject - Parallel Programming for Multi-core Architectures },
year = {2009},
OPTkey = {},
OPTtype = {},
OPTnumber = {},
OPTaddress = {},
OPTmonth = {},
note = {http://www.parma-itea2.org},
OPTannote = {}
}
